<?xml version="1.0" encoding="utf-8"?>
<record xmlns="http://www.loc.gov/MARC21/slim" xmlns:xsi="http://www.w3.org/2001/XMLSchema-instance" xsi:schemaLocation="http://www.loc.gov/MARC21/slim http://www.loc.gov/standards/marcxml/schema/MARC21slim.xsd">
	<leader>     nam a22     Mi 4500</leader>
	<controlfield tag="001">882286</controlfield>
	<controlfield tag="003">NjP</controlfield>
	<controlfield tag="006">m        d        </controlfield>
	<controlfield tag="007">cr cn |||m|||a</controlfield>
	<controlfield tag="008">201130s1987    ir      ob    000 0 ara d</controlfield>
	<datafield ind1="7" ind2=" " tag="024">
		<subfield code="a">princeton_aco002745</subfield>
		<subfield code="2">local</subfield>
	</datafield>
	<datafield ind1=" " ind2=" " tag="040">
		<subfield code="a">ZYU</subfield>
		<subfield code="b">ara</subfield>
		<subfield code="c">ZYU</subfield>
	</datafield>
	<datafield ind1=" " ind2=" " tag="079">
		<subfield code="a">ocm30452631</subfield>
	</datafield>
	<datafield ind1="1" ind2=" " tag="100">
		<subfield code="6">880-01</subfield>
		<subfield code="a">Muḥammad, ʻAbd al-Zahrāʼ ʻUthmān.</subfield>
	</datafield>
	<datafield ind1="1" ind2="3" tag="245">
		<subfield code="6">880-02</subfield>
		<subfield code="a">al-Imām Muḥammad ibn ʻAlī al-Jawād</subfield>
		<subfield code="h">[electronic resource] :</subfield>
		<subfield code="b">tāsiʻ aʼimmat ahl al-bayt ʻalayhim al-salām /</subfield>
		<subfield code="c">ʻAbd al-Zahrāʼ ʻUthmān Muḥammad.</subfield>
	</datafield>
	<datafield ind1=" " ind2=" " tag="260">
		<subfield code="6">880-03</subfield>
		<subfield code="a">Mashhad, Īrān :</subfield>
		<subfield code="b">Majmaʻ al-Buḥūth al-Islāmīyah,</subfield>
		<subfield code="c">1408 [1987 or 1988]</subfield>
	</datafield>
	<datafield ind1=" " ind2=" " tag="300">
		<subfield code="a">online resource (149 p.)</subfield>
	</datafield>
	<datafield ind1=" " ind2=" " tag="500">
		<subfield code="a">Part of the Arabic Collections Online (ACO) project, contributed by Princeton University Libraries.</subfield>
	</datafield>
	<datafield ind1=" " ind2=" " tag="504">
		<subfield code="a">Includes bibliographical references (p. 145-149).</subfield>
	</datafield>
	<datafield ind1=" " ind2=" " tag="533">
		<subfield code="a">Electronic reproduction.</subfield>
		<subfield code="b">New York, N.Y. :</subfield>
		<subfield code="c">New York University,</subfield>
		<subfield code="d">2020.</subfield>
		<subfield code="5">NNU</subfield>
	</datafield>
	<datafield ind1="1" ind2="0" tag="600">
		<subfield code="6">880-04</subfield>
		<subfield code="a">Jawād, Muḥammad ibn ʻAlī,</subfield>
		<subfield code="d">810 or 11-835 or 6.</subfield>
		<subfield code="0">http://id.loc.gov/authorities/names/nr90029095</subfield>
	</datafield>
	<datafield ind1="2" ind2=" " tag="710">
		<subfield code="a">Princeton University.</subfield>
		<subfield code="b">Library.</subfield>
	</datafield>
	<datafield ind1="0" ind2=" " tag="730">
		<subfield code="a">Arabic Collections Online.</subfield>
	</datafield>
	<datafield ind1="0" ind2="8" tag="776">
		<subfield code="i">Print version:</subfield>
		<subfield code="a">Muḥammad, ʻAbd al-Zahrāʼ ʻUthmān.</subfield>
		<subfield code="t">al-Imām Muḥammad ibn ʻAlī al-Jawād</subfield>
		<subfield code="w">(NjP)882286</subfield>
	</datafield>
	<datafield ind1="4" ind2="0" tag="856">
		<subfield code="u">http://hdl.handle.net/2333.1/pnvx0wdk</subfield>
	</datafield>
	<datafield ind1="1" ind2=" " tag="880">
		<subfield code="6">100-01</subfield>
		<subfield code="a">محمد، عبد الزهراء عثمان.</subfield>
	</datafield>
	<datafield ind1="1" ind2="2" tag="880">
		<subfield code="6">245-02</subfield>
		<subfield code="a">الامام محمد بن علي الجواد :</subfield>
		<subfield code="b">تاسع أمة اهل البيت عليهم السلام /</subfield>
		<subfield code="c">عبد الزهراء عثمان محمد.</subfield>
	</datafield>
	<datafield ind1=" " ind2=" " tag="880">
		<subfield code="6">260-03</subfield>
		<subfield code="a">مشهد، ايران :</subfield>
		<subfield code="b">مجمع البحوث الاسلامية،</subfield>
		<subfield code="c">1408 [1987 or 1988]</subfield>
	</datafield>
	<datafield ind1="1" ind2="0" tag="880">
		<subfield code="6">600-04</subfield>
		<subfield code="a">جواد، محمد بن علي،</subfield>
		<subfield code="d">810 or 11-835 or 6.</subfield>
	</datafield>
	<datafield ind1=" " ind2=" " tag="911">
		<subfield code="a">19940512</subfield>
	</datafield>
	<datafield ind1=" " ind2=" " tag="912">
		<subfield code="a">19961105041137.0</subfield>
	</datafield>
	<datafield ind1=" " ind2=" " tag="959">
		<subfield code="a">NNU</subfield>
		<subfield code="b">WEB</subfield>
		<subfield code="c">GENI</subfield>
		<subfield code="t">0</subfield>
		<subfield code="m">Electronic access</subfield>
		<subfield code="s">01</subfield>
	</datafield>
	<datafield ind1=" " ind2=" " tag="999">
		<subfield code="a">882286</subfield>
		<subfield code="s">princeton_aco002745</subfield>
	</datafield>
	<datafield ind1=" " ind2=" " tag="959">
		<subfield code="a">2000-06-13 00:00:00 -0500</subfield>
	</datafield>
</record>
